@misc{wiki:Histogram_equalization,
  author = "Linux",
  title = "{Crypt man page}",
  year = "",
  howpublished = {\url{https://www.man7.org/linux/man-pages/man3/crypt.3.html}}
}

@misc{wiki:HSL_and_HSV,
  author = "Blaise Barney",
  title = "{POSIX Thread Programming}",
  year = "",
  howpublished = {\url{https://computing.llnl.gov/tutorials/pthreads/}}
}
